@book{phillips2003signals,
  title={Signals, systems, and transforms},
  author={Phillips, Charles L and Parr, John M and Riskin, Eve A},
  year={2003},
  publisher={Prentice Hall Upper Saddle River}
}